<?xml version="1.0" encoding="UTF-8"?><collection xmlns="http://www.loc.gov/MARC21/slim"><record><leader>00436nam--2200121-i-4500</leader><controlfield tag="001">000027406</controlfield><controlfield tag="002">20161230</controlfield><controlfield tag="005">20161230201036</controlfield><controlfield tag="008">060222s1000------------r-----000-0-eng-d</controlfield><datafield ind1=" " ind2=" " tag="245"><subfield code="a">Introductory manual on the control of health hazards from radioactie materials. committee on proction against ionizing radiations</subfield></datafield><datafield ind1=" " ind2=" " tag="260"><subfield code="a">London, Her Majesty`S Stationery Office, 1961, 21p</subfield></datafield><datafield ind1=" " ind2=" " tag="490"><subfield code="a">Medical Research Council Memorandum</subfield></datafield><datafield ind1=" " ind2=" " tag="852"><subfield code="a">17254</subfield></datafield></record></collection>